% Encoding: UTF-8

@Misc{moodletrademark-2022,
  author = {{Moodle}},
  month  = {2},
  note   = {[Online; Accedido 26-Febrero-2022]},
  title  = {{Trademarks - Moodle}},
  year   = {2022},
  url    = {https://moodle.com/trademarks},
}