% Encoding: UTF-8

@Article{previotfg,
  author    = {Roberto Arasti Blanco},
  title     = {eLearningQA},
  year      = {2022}
}

@Comment{jabref-meta: databaseType:bibtex;}
